<record><leader>00000cas a2200000 a 4500</leader><controlfield tag="001">9357979</controlfield><controlfield tag="008">830329d19261930ksuwr ne      0    0eng d</controlfield><controlfield tag="009">3789</controlfield><datafield ind1=" " ind2=" " tag="010"><subfield code="a">sn 83040039 </subfield></datafield><datafield ind1=" " ind2=" " tag="040"><subfield code="a">KSH</subfield><subfield code="b">eng</subfield><subfield code="c">KSH</subfield><subfield code="d">NPT</subfield><subfield code="d">OCL</subfield></datafield><datafield ind1=" " ind2=" " tag="042"><subfield code="a">msc</subfield></datafield><datafield ind1=" " ind2=" " tag="043"><subfield code="a">n-us-ks</subfield></datafield><datafield ind1="0" ind2="4" tag="245"><subfield code="a">The Greeley advocate.</subfield></datafield><datafield ind1=" " ind2=" " tag="260"><subfield code="a">Greeley, Kan. :</subfield><subfield code="b">Holmes Pub. Co.,</subfield><subfield code="c">1926-</subfield></datafield><datafield ind1=" " ind2=" " tag="300"><subfield code="a">v. :</subfield><subfield code="b">ill. ;</subfield><subfield code="c">49 cm.</subfield></datafield><datafield ind1=" " ind2=" " tag="310"><subfield code="a">Weekly</subfield></datafield><datafield ind1="0" ind2=" " tag="362"><subfield code="a">Vol. 1, no. 1 (Apr. 1, 1926)-</subfield></datafield><datafield ind1="1" ind2=" " tag="362"><subfield code="a">Ceased in Sept. 1930.</subfield></datafield><datafield ind1=" " ind2=" " tag="500"><subfield code="a">Editor: Duncan B. Holmes.</subfield></datafield><datafield ind1="1" ind2=" " tag="700"><subfield code="a">Holmes, Duncan B.</subfield></datafield><datafield ind1=" " ind2=" " tag="752"><subfield code="a">United States</subfield><subfield code="b">Kansas</subfield><subfield code="c">Anderson</subfield><subfield code="d">Greeley.</subfield></datafield><datafield ind1="0" ind2="0" tag="785"><subfield code="t">Anderson County advocate and the Greeley advocate</subfield><subfield code="w">(DLC)sn 83040030</subfield></datafield></record>